@ARTICLE{barrett,
	author = {Barrett, L. F.},
	year = {2007},
	title = {Language as context for the perception of emotion.},
	subtitle = {},
	journaltitle = {Trends in Cognitive Sciences},
	volume =  {11},
	number = {8},
	issn = {1364-6613},
	langid = {english}
}

@ARTICLE{Ekman,
author={Ekman, P.},
title={An Argument for Basic Emotions},
journal={Cognition and Emotion},
year={1992},
volume={6},
number={3-4},
pages={169-200},
doi={10.1080/02699939208411068},
note={cited By 2387},
url={https://www.scopus.com/inward/record.uri?eid=2-s2.0-84889960454&doi=10.1080%2f02699939208411068&partnerID=40&md5=d520ddb89001c8c29dc70533af4b7554},
document_type={Article},
source={Scopus},
}

@ARTICLE{Russel,
author={Yik,M. and Russell,J. A. and Steiger,J. H.},
year={2011},
title={A 12-Point Circumplex Structure of Core Affect},
journal={Emotion},
volume={11},
number={4},
pages={705-731},
language={English},
url={www.scopus.com},
} 

@BOOK{tomkins1962affect,
  title={Affect Imagery Consciousness: Volume I: The Positive Affects},
  author={Tomkins, S.},
  isbn={9780826104427},
  series={Springer Series},
  url={https://books.google.sk/books?id=WIpgNerqaIkC},
  year={1962},
  publisher={Springer Publishing Company}
}

@BOOK{darwin1998expression,
  title={The Expression of the Emotions in Man and Animals},
  author={Darwin, C. and Ekman, P. and Prodger, P.},
  isbn={9780195158069},
  lccn={97036434},
  url={https://books.google.sk/books?id=TFRtLZSHMcYC},
  year={1998},
  publisher={Oxford University Press}
}

@BOOK{tomkins1963affect,
  title={Affect Imagery Consciousness: Volume II: The Negative Affects},
  author={Tomkins, S.},
  isbn={9780826104434},
  series={Springer Series},
  url={https://books.google.sk/books?id=1xL\_TT04OxsC},
  year={1963},
  publisher={Springer Publishing Company}
}

@incollection{Izard,
title = "Chapter 8 - Measures of Affect Dimensions ",
editor = "Boyle, Gregory J. and Saklofske, Donald H.  and Matthews, Gerald ",
booktitle = "Measures of Personality and Social Psychological Constructs ",
publisher = "Academic Press",
edition = "",
address = "San Diego",
year = "2015",
pages = "190 - 224",
isbn = "978-0-12-386915-9",
doi = "https://doi.org/10.1016/B978-0-12-386915-9.00008-5",
url = "https://www.sciencedirect.com/science/article/pii/B9780123869159000085",
author = "Gregory J. Boyle and Edward Helmes and Gerald Matthews and Carroll E. Izard",
}

@ARTICLE{ekmanguinea,
author = {Ekman, Paul and V. Friesen, Wallace},
year = {1971},
month = {03},
pages = {124-9},
title = {Constants across cultures in the face and emotion},
volume = {17},
booktitle = {Journal of personality and social psychology}
}

@BOOK{wundt2017outlines,
  title={Outlines of Psychology (Classic Reprint)},
  author={Wundt, W.M.},
  isbn={9780331795738},
  url={https://books.google.sk/books?id=zj6atAEACAAJ},
  year={2017},
  publisher={Fb\&c Limited}
}

@ARTICLE{schlosberg1954three,
  title={Three dimensions of emotion.},
  author={Schlosberg, Harold},
  journal={Psychological review},
  volume={61},
  number={2},
  pages={81},
  year={1954},
  publisher={American Psychological Association}
}

@ARTICLE{posner,
  title={The circumplex model of affect: An integrative approach to affective neuroscience, cognitive development, and psychopathology},
  author={Posner, Jonathan and Russel, James A. and Peterson, Bradley S.},
  journal={Development and Psychopathology},
  volume={17},
  number={3},
  pages={715-734},
  year={2005},
  publisher={Cambridge University Press}
}

@ARTICLE{circumplex,
author = {Russell, James},
year = {1980},
month = {12},
pages = {1161-1178},
title = {A Circumplex Model of Affect},
volume = {39},
booktitle = {Journal of Personality and Social Psychology}
}

@ARTICLE{Russell1999CoreAP,
  title={Core affect, prototypical emotional episodes, and other things called emotion: dissecting the elephant.},
  author={J. A. Russell and Lisa Feldman Barrett},
  journal={Journal of personality and social psychology},
  year={1999},
  volume={76 5},
  pages={805-19}
}

@ARTICLE{Lvheim2012ANT,
  title={A new three-dimensional model for emotions and monoamine neurotransmitters.},
  author={Hugo L{\"o}vheim},
  journal={Medical hypotheses},
  year={2012},
  volume={78 2},
  pages={341-8}
}

@ARTICLE{watson,
author = {Watson, David and Tellegen, Auke},
year = {1985},
month = {10},
pages = {219-35},
title = {Toward a Consensual Structure of Mood},
volume = {98},
booktitle = {Psychological bulletin}
}

@Inbook{Plutchik1988,
author="Plutchik, Robert",
editor="Clynes, Manfred
and Panksepp, Jaak",
title="The Nature of Emotions: Clinical Implications",
bookTitle="Emotions and Psychopathology",
year="1988",
publisher="Springer US",
address="Boston, MA",
pages="1--20",
isbn="978-1-4757-1987-1",
doi="10.1007/978-1-4757-1987-1_1",
url="https://doi.org/10.1007/978-1-4757-1987-1_1"
}

@BOOK{mehrabian1980basic,
  title={Basic Dimensions for a General Psychological Theory: Implications for Personality, Social, Environmental, and Developmental Studies},
  author={Mehrabian, A.},
  isbn={9780899460048},
  lccn={79021576},
  series={Social Environmental and Developmental Studies},
  url={https://books.google.sk/books?id=1RR9AAAAMAAJ},
  year={1980},
  publisher={Oelgeschlager, Gunn \& Hain}
}

@BOOK{mehrabian1974approach,
  title={An approach to environmental psychology},
  author={Mehrabian, A. and Russell, J.A.},
  isbn={9780262130905},
  lccn={73016437},
  url={https://books.google.sk/books?id=EthOAAAAMAAJ},
  year={1974},
  publisher={M.I.T. Press}
}

@ARTICLE{lang,
author = {J. Lang, Peter and M. Bradley, Margaret and N. Cuthbert, Bruce},
year = {1990},
month = {08},
pages = {377-95},
title = {Emotion, Attention, and the Startle Reflex},
volume = {97},
booktitle = {Psychological review}
}

@ARTICLE{coreaffect,
author = {Russell, J.A.},
year = {2003},
month = {02},
pages = {145-72},
title = {Core Affect and the Psychological Construction of Emotion},
volume = {110},
booktitle = {Psychological review}
}

@ARTICLE{abbrpad,
author = {Ashkanasy, Neal and Cooper, Cary},
year = {2008},
month = {01},
pages = {},
title = {Research companion to emotion in organizations}
}

@ARTICLE {Cowen201702247,
	author = {Cowen, Alan S. and Keltner, Dacher},
	title = {Self-report captures 27 distinct categories of emotion bridged by continuous gradients},
	year = {2017},
	doi = {10.1073/pnas.1702247114},
	publisher = {National Academy of Sciences},
	issn = {0027-8424},
	URL = {http://www.pnas.org/content/early/2017/08/30/1702247114},
	eprint = {http://www.pnas.org/content/early/2017/08/30/1702247114.full.pdf},
	journal = {Proceedings of the National Academy of Sciences}
}

@ARTICLE{comparison,
author = { David C.   Rubin  and  Jennifer M.   Talarico },
title = {A comparison of dimensional models of emotion: Evidence from emotions, prototypical events, autobiographical memories, and words},
journal = {Memory},
volume = {17},
number = {8},
pages = {802-808},
year  = {2009},
publisher = {Routledge},
doi = {10.1080/09658210903130764},
    note ={PMID: 19691001},

URL = { 
        https://doi.org/10.1080/09658210903130764
    
},
eprint = { 
        https://doi.org/10.1080/09658210903130764
    
}

}

@BOOK{walter,
  title={The James-Lange Theory of Emotions: A Critical Examination and an Alternative Theory},
  author={Cannon, W.B.},
  url={https://books.google.sk/books?id=DE3BnQEACAAJ},
  year={1927},
  publisher={University of Illinois Press}
}

@ARTICLE{respiratoryfeedback,
author = {Philippot, Pierre and Chapelle, Gaëtane and Blairy, Sylvie},
year = {2010},
month = {09},
pages = {605-627},
title = {Respiratory feedback in the generation of emotion},
volume = {August 01},
booktitle = {Cognition \& Emotion}
}


@ARTICLE{Moons2010AngerAF,
  title={Anger and fear responses to stress have different biological profiles.},
  author={Wesley G. Moons and Naomi I. Eisenberger and Shelley E. Taylor},
  journal={Brain, behavior, and immunity},
  year={2010},
  volume={24 2},
  pages={215-9}
}

@ARTICLE{LAHANE2015574,
title = "An Approach to EEG Based Emotion Recognition and Classification Using Kernel Density Estimation",
journal = "Procedia Computer Science",
volume = "48",
pages = "574 - 581",
year = "2015",
note = "International Conference on Computer, Communication and Convergence (ICCC 2015)",
issn = "1877-0509",
doi = "https://doi.org/10.1016/j.procs.2015.04.138",
url = "http://www.sciencedirect.com/science/article/pii/S187705091500647X",
author = "Prashant Lahane and Arun Kumar Sangaiah",
keywords = "Electroencephalography (EEG) Signals, Independent Component Analysis (ICA), Kernel Density Estimation (KDE), Artificial Neural Network (ANN)"
}


@ARTICLE{kragel,
    author = {Kragel, Philip A. AND Knodt, Annchen R. AND Hariri, Ahmad R. AND LaBar, Kevin S.},
    journal = {PLOS Biology},
    publisher = {Public Library of Science},
    title = {Decoding Spontaneous Emotional States in the Human Brain},
    year = {2016},
    month = {09},
    volume = {14},
    url = {https://doi.org/10.1371/journal.pbio.2000106},
    pages = {1-19},
    number = {9},
    doi = {10.1371/journal.pbio.2000106}
}


@ARTICLE{shalini2013emotion,
  title={Emotion detection in human beings using ECG signals},
  author={Shalini, T Baby and Vanitha, L},
  journal={International Journal of Engineering Trends and Technology (IJETT)},
  volume={4},
  number={5},
  pages={1337--1342},
  year={2013}
}

@ARTICLE{menard2015,
author = {Ménard, Mickaël and Richard, Paul and Hamdi, Hamza and Daucé, Bruno and Yamaguchi, Takehiko},
year = {2015},
month = {01},
pages = {26-32},
title = {Emotion recognition based on heart rate and skin conductance},
booktitle = {PhyCS 2015 - 2nd International Conference on Physiological Computing Systems, Proceedings}
}

@ARTICLE{gravina,
author = {Gravina, Raffaele and Alinia, Parastoo and Ghasemzadeh, Hassan and Fortino, Giancarlo},
year = {2016},
month = {09},
pages = {},
title = {Multi-Sensor Fusion in Body Sensor Networks: State-of-the-art and research challenges},
volume = {35},
booktitle = {Information Fusion}
}

@ARTICLE{zhang,
author = {Zhang, Yong and Ji, Xiaomin and Zhang, Suhua},
year = {2016},
month = {09},
pages = {},
title = {An approach to EEG-based emotion recognition using combined feature extraction method},
volume = {633},
booktitle = {Neuroscience Letters}
}



@ARTICLE{zhang2,
title = {Respiration-based emotion recognition with deep learning},
journal = {Computers in Industry},
volume = {92-93},
pages = {84-90},
year = {2017},
issn = {0166-3615},
doi = {https://doi.org/10.1016/j.compind.2017.04.005},
url = {http://www.sciencedirect.com/science/article/pii/S0166361516303104},
author = {Qiang Zhang and Xianxiang Chen and Qingyuan Zhan and Ting Yang and Shanhong Xia}
}

@ARTICLE{DAVLETCHAROVA201591,
title = {Detection and Analysis of Emotion from Speech Signals},
journal = {Procedia Computer Science},
volume = {58},
pages = {91-96},
year = {2015},
issn = {1877-0509},
doi = {https://doi.org/10.1016/j.procs.2015.08.032},
url = {http://www.sciencedirect.com/science/article/pii/S1877050915021432},
author = {Assel Davletcharova and Sherin Sugathan and Bibia Abraham and Alex Pappachen James}
}

@ARTICLE{MOSCIANO201748,
title = "An array of physical sensors and an adaptive regression strategy for emotion recognition in a noisy scenario",
journal = "Sensors and Actuators A: Physical",
volume = "267",
pages = "48 - 59",
year = "2017",
issn = "0924-4247",
doi = "https://doi.org/10.1016/j.sna.2017.09.056",
url = "http://www.sciencedirect.com/science/article/pii/S0924424717305812",
author = "Francesco Mosciano and Arianna Mencattini and Fabien Ringeval and Björn Schuller and Eugenio Martinelli and Corrado Di Natale",
keywords = "Sensor array, Adaptive regression strategy, Emotion recognition"
}

@inproceedings{stephanos,
  title={Thermal infrared imaging in psychophysiology: Potentialities and limits},
  author={Stephanos Ioannou and Vittorio Gallese and Arcangelo Merla},
  booktitle={Psychophysiology},
  year={2014}
}

@ARTICLE{SALAZARLOPEZ2015149,
title = "The mental and subjective skin: Emotion, empathy, feelings and thermography",
journal = "Consciousness and Cognition",
volume = "34",
pages = "149 - 162",
year = "2015",
issn = "1053-8100",
doi = "https://doi.org/10.1016/j.concog.2015.04.003",
url = "http://www.sciencedirect.com/science/article/pii/S105381001500080X",
author = "E. Salazar-Lopez and E. Domínguez and V. Juárez Ramos and J. de la Fuente and A. Meins and O. Iborra and G. Gálvez and M.A. Rodríguez-Artacho and E. Gómez-Milán",
keywords = "Thermography, Facial temperature, Empathy, Arousal, Emotional valence, Subjective experience"
}


@ARTICLE{Albarran,
author = {Cruz-Albarran, Irving A. and P. Benítez-Rangel, Juan and Osornio-Rios, Roque and Morales-Hernández, Luis},
year = {2017},
month = {01},
pages = {},
title = {Human emotions detection based on a smart-thermal system of thermographic images},
volume = {81},
booktitle = {Infrared Physics \& Technology}
}



@ARTICLE{TARNOWSKI20171175,
title = "Emotion recognition using facial expressions",
journal = "Procedia Computer Science",
volume = "108",
pages = "1175 - 1184",
year = "2017",
note = "International Conference on Computational Science, ICCS 2017, 12-14 June 2017, Zurich, Switzerland",
issn = "1877-0509",
doi = "https://doi.org/10.1016/j.procs.2017.05.025",
url = "http://www.sciencedirect.com/science/article/pii/S1877050917305264",
author = "Paweł Tarnowski and Marcin Kołodziej and Andrzej Majkowski and Remigiusz J. Rak",
keywords = "facial expression, emotion recognition, action units, computer vision, k-NN, MLP"
}

@ARTICLE{ZUALKERNAN20171,
title = {Emotion recognition using mobile phones},
journal = {Computers \& Electrical Engineering},
volume = {60},
pages = {1-13},
year = {2017},
issn = {0045-7906},
doi = {https://doi.org/10.1016/j.compeleceng.2017.05.004},
url = {http://www.sciencedirect.com/science/article/pii/S0045790617312752},
author = {I. Zualkernan and F. Aloul and S. Shapsough and A. Hesham and Y. El-Khorzaty}
}

@ARTICLE{affdex,
author = {McDuff, Daniel and Mahmoud, Abdelrahman and Mavadati, Mohammad and Amr, May and Turcot, Jay and el Kaliouby, Rana},
year = {2016},
month = {05},
pages = {3723-3726},
title = {AFFDEX SDK: A Cross-Platform Real-Time Multi-Face Expression Recognition Toolkit},
url = {https://www.affectiva.com/wp-content/uploads/2017/03/McDuff_2016_Affdex.pdf}
}


@BOOK{ekman1997face,
  title={What the Face Reveals: Basic and Applied Studies of Spontaneous Expression Using the Facial Action Coding System (FACS)},
  author={Ekman, P. and Rosenberg, E.L.},
  isbn={9780195104462},
  lccn={96036655},
  series={Series in affective science},
  url={https://books.google.sk/books?id=fFGYs079-7YC},
  year={1997},
  publisher={Oxford University Press}
}

@online{kairos,
	author = {Brian Brackeen},
	title = {Face Off: Confronting Bias in Face Recognition AI},
	date = {Feb 20, 2018 },
	url = 
	{https://www.kairos.com/blog/face-off-confronting-bias-in-face-recognition-ai},
}

@ARTICLE{hess,
author = {H. Hess, Eckhard},
year = {1975},
month = {01},
pages = {},
title = {The tell-tale eye: How your eyes reveal hidden thoughts and emotions.}
}

@ARTICLE{beatty,
author = {Beatty, Jackson and Lucero-Wagoner, Brennis},
year = {2012},
month = {10},
pages = {},
title = {The pupillary system}
}

@ARTICLE{maskeliunas,
author = {Maskeliunas, Rytis and Raudonis, Vidas},
year = {2016},
month = {08},
pages = {e75},
title = {Are you ashamed? Can a gaze tracker tell?},
volume = {2},
booktitle = {PeerJ Computer Science}
}

@BOOK{Akgul,
 author = {Akgul, Faruk},
 title = {ZeroMQ},
 year = {2013},
 isbn = {178216104X, 9781782161042},
 publisher = {Packt Publishing},
} 

@BOOK{hintjens2013zeromq,
  title={ZeroMQ: Messaging for Many Applications},
  author={Hintjens, P.},
  isbn={9781449334062},
  lccn={2013427189},
  series={Oreilly and Associate Series},
  url={https://books.google.sk/books?id=KWtT5CJc6FYC},
  year={2013},
  publisher={O'Reilly Media, Incorporated}
}
